@FOOTNOTE{Note1,key="Note1",note="Automatically placing footnotes into the bibliography requires using BibTeX to compile the bibliography."}
@CONTROL{REVTEX41Control}
@CONTROL{aip41Control,pages="1",title="0"}
@PREAMBLE{
 "\providecommand{\noopsort}[1]{}"
  # "\providecommand{\singleletter}[1]{#1}%"
  }

@BOOK{Bire82,
   author       = {N. D. Birell and P. C. W. Davies},
   year         = 1982,
   title        = {Quantum Fields in Curved Space},
   publisher    = {Cambridge University Press}
	    }

@ARTICLE{feyn54,
   author       = "R. P. Feynman",
   year         = "1954",
   journal      = "Phys.\ Rev.",
   volume       = "94",
   pages        = "262",
     }
	       